<?xml version="1.0" encoding="UTF-8"?><collection xmlns="http://www.loc.gov/MARC21/slim"><record><leader>00692nam--2200205-i-4500</leader><controlfield tag="001">000042816</controlfield><controlfield tag="002">20161230</controlfield><controlfield tag="005">20161230201043</controlfield><controlfield tag="008">060222s1000------------r-----000-0-rus-d</controlfield><datafield ind1=" " ind2=" " tag="040"><subfield code="a">IFIN-HH</subfield></datafield><datafield ind1=" " ind2=" " tag="041"><subfield code="a">rus</subfield></datafield><datafield ind1=" " ind2=" " tag="080"><subfield code="a">539.14</subfield></datafield><datafield ind1="1" ind2=" " tag="100"><subfield code="a">Hyde, Earl K</subfield></datafield><datafield ind1="1" ind2="0" tag="245"><subfield code="a">Iadernie svoistva tiajelih elementov vip.2 metodi sinteza tiajelih iader</subfield><subfield code="c">Earl k. hyde, isadore perlman, glenn t. seaborg</subfield></datafield><datafield ind1=" " ind2=" " tag="260"><subfield code="a">Moskva</subfield><subfield code="b">Atomizdat</subfield><subfield code="c">1968</subfield></datafield><datafield ind1=" " ind2=" " tag="300"><subfield code="a">133P</subfield></datafield><datafield ind1=" " ind2=" " tag="500"><subfield code="a">Titlul Original In Limba Engleza: The Nuclear Properties Of The Heavy Elements; Systematics Of Nuclear Structure And Radioactivity</subfield></datafield><datafield ind1="1" ind2=" " tag="700"><subfield code="a">Seaborg, Glenn T</subfield></datafield><datafield ind1=" " ind2=" " tag="852"><subfield code="a">30688</subfield><subfield code="c">539.14</subfield></datafield><datafield ind1=" " ind2=" " tag="CAT"><subfield code="a">Sys</subfield><subfield code="c">20120327</subfield><subfield code="h">131451</subfield></datafield></record></collection>